<?xml version="1.0" encoding="UTF-8"?><collection xmlns="http://www.loc.gov/MARC21/slim"><record><leader>00362nam--2200133-i-4500</leader><controlfield tag="001">000021067</controlfield><controlfield tag="002">20161230</controlfield><controlfield tag="005">20161230201034</controlfield><controlfield tag="008">060222s1000------------r-----000-0-eng-d</controlfield><datafield ind1=" " ind2=" " tag="080"><subfield code="a">541.64(061.3)</subfield></datafield><datafield ind1=" " ind2=" " tag="245"><subfield code="a">Les hauts polymeres. strasbourg, novembre 1946</subfield></datafield><datafield ind1=" " ind2=" " tag="260"><subfield code="a">Paris, C.N.R.S., 1948. 164 P</subfield></datafield><datafield ind1=" " ind2=" " tag="490"><subfield code="a">Colloques Internationaux Du Cnrs, Ii</subfield></datafield><datafield ind1=" " ind2=" " tag="852"><subfield code="a">10347</subfield></datafield></record></collection>